
@book{apde,
	author = "Alan Jeffrey",
	title = "Applied partial differential equations: an introduction",
	year = "2003",
	publisher = "Academic Press",
	address = "San Diego"
}
@book{Leveque92,
	author    = "Randell J. LeVeque",
	title     = "Numerical methods for conservation laws",
	year      = "1993",
	publisher = "Birkhauser Verlag",
	address   = "Basel"
}
