
@book{apde,
	author = {Alan Jeffrey},
	title = {Applied partial differential equations: an introduction},
	date = {2003},
	language = {English},
	publisher = {Academic Press},
	location = {San Diego},
}
